

@book{Tuzlukov2002,
  author       = {Vyacheslav Tuzlukov},
  title        = {Signal Processing Noise},
  year         = {2002},
  publisher    = {CRC Press},
  location     = {Boca Raton},
  isbn         = {9781315220147},
  doi          = {10.1201/9781315220147},
}

@INPROCEEDINGS{4388569,
  author={Lee, Choon-Young and Choi, Ho-Gun and Park, Jun-Sik and Park, Keun-Young and Lee, Sang-Ryong},
  booktitle={SENSORS, 2007 IEEE}, 
  title={Collision Avoidance by the Fusion of Different Beam-width Ultrasonic Sensors}, 
  year={2007},
  volume={},
  number={},
  pages={985-988},
  doi={10.1109/ICSENS.2007.4388569}}
}

@article{10.1121/1.391918,
    author = {Wong, George S. K. and Embleton, Tony F. W.},
    title = {Variation of the speed of sound in air with humidity and temperature},
    journal = {The Journal of the Acoustical Society of America},
    volume = {77},
    number = {5},
    pages = {1710-1712},
    year = {1985},
    doi = {10.1121/1.391918},
    url = {https://doi.org/10.1121/1.391918},

}


@incollection{Berger2023,
  author       = {Berger, Guido S. and Braun, João and Júnior, Alexandre O. and Lima, José and Pinto, Milena F. and Pereira, Ana I. and Valente, António and Soares, Salviano F. P. and Rech, Lucas C. and Cantieri, Álvaro R. and Wehrmeister, Marco A.},
  title        = {Sensor Architecture Model for Unmanned Aerial Vehicles Dedicated to Electrical Tower Inspections},
  booktitle    = {Optimization, Learning Algorithms and Applications: Second International Conference, OL2A 2022, Póvoa de Varzim, Portugal, October 24-25, 2022, Proceedings},
  editor       = {Pereira, Ana I. and Košir, Andrej and Fernandes, Florbela P. and Pacheco, Maria F. and Teixeira, João P. and Lopes, Rui P.},
  pages        = {35-50},
  publisher    = {Springer},
  address      = {Berlin, Heidelberg},
  year         = {2023},
  url          = {https://doi.org/10.1007/978-3-031-23236-7_3}
}
